@String(PAMI = {IEEE Trans. Pattern Anal. Mach. Intell.})
@String(IJCV = {Int. J. Comput. Vis.})
@String(CVPR= {IEEE Conf. Comput. Vis. Pattern Recog.})
@String(ICCV= {Int. Conf. Comput. Vis.})
@String(ECCV= {Eur. Conf. Comput. Vis.})
@String(NIPS= {Adv. Neural Inform. Process. Syst.})
@String(ICPR = {Int. Conf. Pattern Recog.})
@String(BMVC= {Brit. Mach. Vis. Conf.})
@String(TOG= {ACM Trans. Graph.})
@String(TIP  = {IEEE Trans. Image Process.})
@String(TVCG  = {IEEE Trans. Vis. Comput. Graph.})
@String(TMM  = {IEEE Trans. Multimedia})
@String(ACMMM= {ACM Int. Conf. Multimedia})
@String(ICME = {Int. Conf. Multimedia and Expo})
@String(ICASSP=	{ICASSP})
@String(ICIP = {IEEE Int. Conf. Image Process.})
@String(ACCV  = {ACCV})
@String(ICLR = {Int. Conf. Learn. Represent.})
@String(IJCAI = {IJCAI})
@String(PR   = {Pattern Recognition})
@String(AAAI = {AAAI})
@String(CVPRW= {IEEE Conf. Comput. Vis. Pattern Recog. Worksh.})
@String(CSVT = {IEEE Trans. Circuit Syst. Video Technol.})

@String(SPL	= {IEEE Sign. Process. Letters})
@String(VR   = {Vis. Res.})
@String(JOV	 = {J. Vis.})
@String(TVC  = {The Vis. Comput.})
@String(JCST  = {J. Comput. Sci. Tech.})
@String(CGF  = {Comput. Graph. Forum})
@String(CVM = {Computational Visual Media})


@String(PAMI  = {IEEE TPAMI})
@String(IJCV  = {IJCV})
@String(CVPR  = {CVPR})
@String(ICCV  = {ICCV})
@String(ECCV  = {ECCV})
@String(NIPS  = {NeurIPS})
@String(ICPR  = {ICPR})
@String(BMVC  =	{BMVC})
@String(TOG   = {ACM TOG})
@String(TIP   = {IEEE TIP})
@String(TVCG  = {IEEE TVCG})
@String(TCSVT = {IEEE TCSVT})
@String(TMM   =	{IEEE TMM})
@String(ACMMM = {ACM MM})
@String(ICME  =	{ICME})
@String(ICASSP=	{ICASSP})
@String(ICIP  = {ICIP})
@String(ACCV  = {ACCV})
@String(ICLR  = {ICLR})
@String(IJCAI = {IJCAI})
@String(PR = {PR})
@String(AAAI = {AAAI})
@String(CVPRW= {CVPRW})
@String(CSVT = {IEEE TCSVT})



@misc{mnih2013playing,
      title={Playing Atari with Deep Reinforcement Learning}, 
      author={Volodymyr Mnih and Koray Kavukcuoglu and David Silver and Alex Graves and Ioannis Antonoglou and Daan Wierstra and Martin Riedmiller},
      year={2013},
      eprint={1312.5602},
      archivePrefix={arXiv},
      primaryClass={cs.LG}
}

@misc{vinyals2017starcraft,
      title={StarCraft II: A New Challenge for Reinforcement Learning}, 
      author={Oriol Vinyals and Timo Ewalds and Sergey Bartunov and Petko Georgiev and Alexander Sasha Vezhnevets and Michelle Yeo and Alireza Makhzani and Heinrich Küttler and John Agapiou and Julian Schrittwieser and John Quan and Stephen Gaffney and Stig Petersen and Karen Simonyan and Tom Schaul and Hado van Hasselt and David Silver and Timothy Lillicrap and Kevin Calderone and Paul Keet and Anthony Brunasso and David Lawrence and Anders Ekermo and Jacob Repp and Rodney Tsing},
      year={2017},
      eprint={1708.04782},
      archivePrefix={arXiv},
      primaryClass={cs.LG}
}

@misc{papoudakis2018deep,
      title={Deep Reinforcement Learning for Doom using Unsupervised Auxiliary Tasks}, 
      author={Georgios Papoudakis and Kyriakos C. Chatzidimitriou and Pericles A. Mitkas},
      year={2018},
      eprint={1807.01960},
      archivePrefix={arXiv},
      primaryClass={cs.LG}
}

@misc{ho2017neuralkart,
      title={NeuralKart: A Real-Time Mario Kart 64 AI}, 
      author={Harrison Ho and Varun Ramesh and Eduardo Torres Montano},
      year={2017}
}

@article{watkins1992qlearning,
author = {Watkins, Christopher and Dayan, Peter},
year = {1992},
month = {05},
pages = {279-292},
title = {Technical Note: Q-Learning},
volume = {8},
journal = {Machine Learning},
doi = {10.1007/BF00992698}
}

@misc{towers_gymnasium_2023,
        title = {Gymnasium},
        url = {https://zenodo.org/record/8127025},
        abstract = {An API standard for single-agent reinforcement learning environments, with popular reference environments and related utilities (formerly Gym)},
        urldate = {2023-07-08},
        publisher = {Zenodo},
        author = {Towers, Mark and Terry, Jordan K. and Kwiatkowski, Ariel and Balis, John U. and Cola, Gianluca de and Deleu, Tristan and Goulão, Manuel and Kallinteris, Andreas and KG, Arjun and Krimmel, Markus and Perez-Vicente, Rodrigo and Pierré, Andrea and Schulhoff, Sander and Tai, Jun Jet and Shen, Andrew Tan Jin and Younis, Omar G.},
        month = mar,
        year = {2023},
        doi = {10.5281/zenodo.8127026},
}